%%% Intro %%%
@CONFERENCE{Seppälä_2014,
	author = {Seppälä, S. and Schreiber, Y. and Ruttenberg, A.},
	title = {Textual and logical definitions in ontologies},
	year = {2014},
	journal = {CEUR Workshop Proceedings},
	volume = {1309},
	pages = {35 – 41},
	editor = {Malone D.C. and Ruttenberg A. and Haendel M. and Brochhausen M. and Boyce R.D. and Hogan W.R. and Stoeckert C.J. and Zheng J. and Empey P.E. and Ray P. and Seppala S. and Brochhausen M.},
	publisher = {CEUR-WS}
}

%%% ARTIFICIAL INTELLIGENCE %%%
% First use of AI
@ARTICLE{Moor_2006,
	author = {Moor, J.},
	title = {The Dartmouth College Artificial Intelligence Conference: The next fifty years},
	year = {2006},
	journal = {AI Magazine},
	volume = {27},
	number = {4},
	pages = {87 – 91},
}
% Dignum references
@ARTICLE{Theodorou_2020,
	author = {Theodorou, A. and Dignum, V.},
	title = {Towards ethical and socio-legal governance in AI},
	year = {2020},
	journal = {Nature Machine Intelligence},
	volume = {2},
	number = {1},
	pages = {10 – 12},
	doi = {10.1038/s42256-019-0136-y},
	publisher = {Nature Research}
}
% Mikalef references
@article{Mikalef_2021,
    title = {Artificial intelligence capability: Conceptualization, measurement calibration, and empirical study on its impact on organizational creativity and firm performance},
    journal = {Information \& Management},
    volume = {58},
    number = {3},
    pages = {103434},
    year = {2021},
    issn = {0378-7206},
    doi = {https://doi.org/10.1016/j.im.2021.103434},
    url = {https://www.sciencedirect.com/science/article/pii/S0378720621000082},
    author = {Mikalef, P. and Gupta, M.},
}
% Havrda references
@report{IEEE_vision,
    author={{IEEE}},
    institution={{IEEE Global Initiative on Ethics of Autonomous and Intelligent Systems. \textit{IEEE Standards v1}}},
    title={Ethically Aligned Design},
    year={2016},
}
% van Bruxvoort references
@inproceedings{Shubhendu_2013,
  title={Applicability of Artificial Intelligence in Different Fields of Life},
  author={S. Shubhendu and J. Frank Vijay},
  year={2013}
}

% Intelligence
@inproceedings{Legg_2007,
    author = {Legg, S. and Hutter, M.},
    title = {A Collection of Definitions of Intelligence},
    year = {2007},
    isbn = {9781586037581},
    publisher = {IOS Press},
    address = {NLD},
    booktitle = {Proceedings of the 2007 Conference on Advances in Artificial General Intelligence: Concepts, Architectures and Algorithms: Proceedings of the AGI Workshop 2006},
    pages = {17–24},
    numpages = {8}
}
% Artificial
@ARTICLE{Bianchini_2021,
	author = {Bianchini, F.},
	title = {A New Definition of “Artificial” for Two Artificial Sciences},
	year = {2021},
	journal = {Foundations of Science},
	doi = {10.1007/s10699-021-09799-w},
	publisher = {Springer Science and Business Media B.V.}
}
@article{AI_making_AI,
    author={Heaven, W.D.},
    title={AI is learning how to create itself},
    year={2021},
    month={5},
    day={27},
    url={https://www.technologyreview.com/2021/05/27/1025453/artificial-intelligence-learning-create-itself-agi/},
    publisher={MIT Technology Review},
    urldate={2022-11-26}
}
@article{AI_alongside,
    author={De Cremer, D. and Kasparov, G.},
    title={AI Should Augment Human Intelligence, Not Replace It},
    year={2021},
    month={3},
    day={18},
    url={https://hbr.org/2021/03/ai-should-augment-human-intelligence-not-replace-it},
    publisher={Harvard Business Review},
    urldate={2022-11-26}
}
% Big data and stuff
@CONFERENCE{Singh_2022,
	author = {Singh, J. and Singh, G. and Verma, A.},
	title = {The Anatomy of Big Data: Concepts, Principles and Challenges},
	year = {2022},
	journal = {8th International Conference on Advanced Computing and Communication Systems, ICACCS 2022},
	pages = {986 – 990},
	doi = {10.1109/ICACCS54159.2022.9785082},
	publisher = {Institute of Electrical and Electronics Engineers Inc.}
}
@ARTICLE{Lecun_2015,
	author = {Lecun, Y. and Bengio, Y. and Hinton, G.},
	title = {Deep learning},
	year = {2015},
	journal = {Nature},
	volume = {521},
	number = {7553},
	pages = {436 – 444},
	doi = {10.1038/nature14539},
	publisher = {Nature Publishing Group}
}

%%% DICTIONARY ENTRIES
@reference{dictionary_artificial,
    title={Artificial},
    publisher={{Merriam-Webster}},
    url={https://www.merriam-webster.com/dictionary/artificial},
    urldate={2022-11-26}
}