% Sports washing
@article{Fruh_2022_sportswashing,
    author = {Fruh, K. and Archer, A. and Wojtowicz, J.},
    title = {Sportswashing: Complicity and Corruption},
    journal = {Sport, Ethics and Philosophy},
    pages = {1-18},
    year  = {2022},
    publisher = {Routledge},
    doi = {10.1080/17511321.2022.2107697},
    URL = {https://doi.org/10.1080/17511321.2022.2107697},
}
@article{Wearing_2022_sportswashing,
    author = {Wearing, D.},
    title = {A game of two halves: how ‘sportswashing’ benefits {Qatar} and the west},
    journal = {The Guardian},
    date = {2022-11-16},
    url = {https://www.theguardian.com/commentisfree/2022/nov/16/sportswashing-qatar-west-world-cup-regime},
    urldate = {2022-12-14}
}
@article{Gibbens_2022_greenwashing,
    author = {Gibbens, S.},
    title = {Is your favorite ‘green’ product as eco-friendly as it claims to be?},
    journal = {National Geographic},
    date = {2022-11-22},
    url = {https://www.nationalgeographic.com/environment/article/what-is-greenwashing-how-to-spot},
    urldate = {2022-12-14},
}
@article{Kane_2022_pinkwashing,
    author = {Kane, P.A.},
    title = {Yass marine!},
    subtitle = {Here come rainbow bullets and brunches for {Pride}’s annual pinkwashing},
    journal = {The Guardian},
    date = {2022-06-08},
    url = {https://www.theguardian.com/world/2022/jun/07/yass-marine-here-come-rainbow-bullets-and-beers-for-prides-annual-pinkwashing},
    urldate = {2022-12-14},
}

% Trust
@CONFERENCE{Huang_2006_trust,
	author = {Huang, J. and Fox, M.S.},
	title = {An ontology of trust - Formal semantics and transitivity},
	year = {2006},
	journal = {ACM International Conference Proceeding Series},
	pages = {259 – 270},
	doi = {10.1145/1151454.1151499},
}

% AI governance
@ARTICLE{Papagiannidis_2022_governance,
	author = {Papagiannidis, E. and Enholm, I.M. and Dremel, C. and Mikalef, P. and Krogstie, J.},
	title = {Toward {AI} Governance: Identifying Best Practices and Potential Barriers and Outcomes},
	year = {2022},
	journal = {Information Systems Frontiers},
	doi = {10.1007/s10796-022-10251-y},
	publisher = {Springer}
}

% Stakeholders
@ARTICLE{Yudha_2018_stakeholdermap,
	author = {Yudha, S.W. and Tjahjono, B. and Kolios, A.},
	title = {A {PESTLE} policy mapping and stakeholder analysis of {Indonesia}’s fossil fuel energy industry},
	year = {2018},
	journal = {Energies},
	volume = {11},
	number = {5},
	doi = {10.3390/en11051272},
	publisher = {MDPI AG}
}
@ARTICLE{An_2022_stakeholdermap,
	author = {An, Q. and Kelley, M.M. and Yen, P.Y.},
	title = {Stakeholder Mapping on the Development of Digital Health Interventions for Self-Management Among Patients with Chronic Obstructive Pulmonary Disease in {China}},
	year = {2022},
	journal = {Studies in Health Technology and Informatics},
	volume = {290},
	pages = {1106 – 1107},
	doi = {10.3233/SHTI220290},
	editor = {Otero, P. and Scott, P. and Martin, S.Z. and Huesing, E.},
	publisher = {IOS Press BV}
}
@ARTICLE{Hansen_2010_stakeholdermap,
	author = {Hansen, S.F.},
	title = {Multicriteria mapping of stakeholder preferences in regulating nanotechnology},
	year = {2010},
	journal = {Journal of Nanoparticle Research},
	volume = {12},
	number = {6},
	pages = {1959 – 1970},
	doi = {10.1007/s11051-010-0006-3},
}