%%% ONTOLOGY / TAXONOMY %%%
% Ontology
@ARTICLE{Uschold_1996,
	author = {Uschold, M. and Gruninger, M.},
	title = {Ontologies: Principles, methods and applications},
	year = {1996},
	journal = {Knowledge Engineering Review},
	volume = {11},
	number = {2},
	pages = {93 – 136},
	doi = {10.1017/s0269888900007797},
	publisher = {Cambridge University Press},
	note = {All Open Access, Green Open Access}
}
@ARTICLE{Chandrasekaran_1999,
	author = {Chandrasekaran, B. and Josephson, J.R. and Benjamins, V.R.},
	title = {What are ontologies, and why do we need them?},
	year = {1999},
	journal = {IEEE Intelligent Systems and Their Applications},
	volume = {14},
	number = {1},
	pages = {20 – 26},
	doi = {10.1109/5254.747902},
}
% Taxonomy
@ARTICLE{Kundisch_2022,
	author = {Kundisch, D. and Muntermann, J. and Oberländer, A.M. and Rau, D. and Röglinger, M. and Schoormann, T. and Szopinski, D.},
	title = {An Update for Taxonomy Designers: Methodological Guidance from Information Systems Research},
	year = {2022},
	journal = {Business and Information Systems Engineering},
	volume = {64},
	number = {4},
	pages = {421 – 439},
	doi = {10.1007/s12599-021-00723-x},
	publisher = {Springer Gabler},
	note = {All Open Access, Green Open Access, Hybrid Gold Open Access}
}
% AI has been used to create ontologies
@CONFERENCE{Stumme_2001,
	author = {Stumme, G. and Maedche, A.},
	title = {FCA-MERGE: Bottom-up merging of ontologies},
	year = {2001},
	journal = {IJCAI International Joint Conference on Artificial Intelligence},
	pages = {225 – 230},
}

% Examples of taxonomies
@CONFERENCE{Gunn_2009,
	author = {Gunn, E.A.A. and Craenen, B.G.W. and Hart, E.},
	title = {A taxonomy of video games and AI},
	year = {2009},
	journal = {Adaptive and Emergent Behaviour and Complex Systems - Proceedings of the 23rd Convention of the Society for the Study of Artificial Intelligence and Simulation of Behaviour, AISB 2009},
	pages = {4 – 14},
}
@ARTICLE{Ören_1994,
	author = {Ören, T.I.},
	title = {Artificial intelligence in simulation},
	year = {1994},
	journal = {Annals of Operations Research},
	volume = {53},
	number = {1},
	pages = {287 – 319},
	doi = {10.1007/BF02136832},
	publisher = {Baltzer Science Publishers, Baarn/Kluwer Academic Publishers}
}
@ARTICLE{Fong_2003,
	author = {Fong, T. and Nourbakhsh, I. and Dautenhahn, K.},
	title = {A survey of socially interactive robots},
	year = {2003},
	journal = {Robotics and Autonomous Systems},
	volume = {42},
	number = {3-4},
	pages = {143 – 166},
	doi = {10.1016/S0921-8890(02)00372-X},
	note = {All Open Access, Green Open Access}
}