% AI uses
@ARTICLE{Ahmad_2022_intro,
	author = {Ahmad, A. and Bande, L.},
	title = {{AI} Application in Architecture in {UAE}: Optimization of Parametric Structure as a Retrofit Strategy of a Mid-rise Residential Building in Downtown {Abu Dhabi}},
	year = {2022},
	journal = {Lecture Notes in Computer Science (including subseries Lecture Notes in Artificial Intelligence and Lecture Notes in Bioinformatics)},
	volume = {13520 LNCS},
	pages = {301 – 313},
	doi = {10.1007/978-3-031-18158-0_22},
	editor = {Rauterberg, M. and {Fui-Hoon Nah}, F. and Siau, K. and Krömker, H. and Wei, J. and Salvendy, G.},
	publisher = {Springer Science and Business Media Deutschland GmbH}
}
@ARTICLE{Quest_2022_intro,
	author = {Quest, H. and Cauz, M. and Heymann, F. and Rod, C. and Perret, L. and Ballif, C. and Virtuani, A. and Wyrsch, N.},
	title = {A {3D} indicator for guiding {AI} applications in the energy sector},
	year = {2022},
	journal = {Energy and AI},
	volume = {9},
	doi = {10.1016/j.egyai.2022.100167},
	publisher = {Elsevier B.V.}
}
@ARTICLE{Wang_2022_intro,
	author = {Wang, X. and Zhu, F.},
	title = {The Application of Artificial Intelligence in AI News Anchor},
	year = {2022},
	journal = {Lecture Notes on Data Engineering and Communications Technologies},
	volume = {102},
	pages = {1093 – 1100},
	doi = {10.1007/978-981-16-7466-2_121},
	publisher = {Springer Science and Business Media Deutschland GmbH}
}
@inproceedings{Ding_2019_intro,
	author = {Ding, P.},
	title = {Analysis of Artificial Intelligence ({AI}) Application in Sports},
	year = {2019},
	booktitle = {Journal of Physics: Conference Series},
	volume = {1302},
	number = {3},
	doi = {10.1088/1742-6596/1302/3/032044},
	editor = {Tseng, J. and Cheung, S.K.S. and Kotenko, I.},
	publisher = {Institute of Physics Publishing}
}
@inproceedings{Deka_2021_intro,
	author = {Deka, C. and Sah, S. and Shrivastava, A. and Phukon, M. and Routray, L.},
	title = {Assessing a Voice-Based Conversational AI prototype for Banking Application},
	year = {2021},
	booktitle = {Proceedings - 2021 8th NAFOSTED Conference on Information and Computer Science, NICS 2021},
	pages = {211 – 216},
	doi = {10.1109/NICS54270.2021.9701536},
	editor = {Bao, V.N.Q. and Manh, L.D.},
	publisher = {Institute of Electrical and Electronics Engineers Inc.}
}
@ARTICLE{Liang_2022_intro,
	author = {Liang, Y. and Zeng, J.},
	title = {AI Application in English Vocational Education Through 6G Revolution},
	year = {2022},
	journal = {Lecture Notes of the Institute for Computer Sciences, Social-Informatics and Telecommunications Engineering, LNICST},
	volume = {439 LNICST},
	pages = {532 – 545},
	doi = {10.1007/978-3-031-04245-4_46},
	editor = {Shi, S. and Ma, R. and Lu, W.},
	publisher = {Springer Science and Business Media Deutschland GmbH}
}
@ARTICLE{Spanaki_2021_intro,
	author = {Spanaki, K. and Karafili, E. and Despoudi, S.},
	title = {AI applications of data sharing in agriculture 4.0: A framework for role-based data access control},
	year = {2021},
	journal = {International Journal of Information Management},
	volume = {59},
	doi = {10.1016/j.ijinfomgt.2021.102350},
	publisher = {Elsevier Ltd}
}
@ARTICLE{Cheng_2002_intro,
	author = {Cheng, C.H. and Lin, Y.},
	title = {Evaluating the best main battle tank using fuzzy decision theory with linguistic criteria evaluation},
	year = {2002},
	journal = {European Journal of Operational Research},
	volume = {142},
	number = {1},
	pages = {174 – 186},
	doi = {10.1016/S0377-2217(01)00280-6},
}
@inproceedings{VanLent_2004_intro,
	author = {{Van Lent}, M. and Fisher, W. and Mancuso, M.},
	title = {An explainable artificial intelligence system for small-unit tactical behavior},
	year = {2004},
	booktitle = {Proceedings of the National Conference on Artificial Intelligence},
	pages = {900 – 907},
}
@ARTICLE{Horowitz_2019_intro,
	author = {Horowitz, M.C.},
	title = {When speed kills: Lethal autonomous weapon systems, deterrence and stability},
	year = {2019},
	journal = {Journal of Strategic Studies},
	volume = {42},
	number = {6},
	pages = {764 – 788},
	doi = {10.1080/01402390.2019.1621174},
	publisher = {Routledge}
}
@ARTICLE{Uddin_2020_intro,
	author = {Uddin, M.I. and Zada, N. and Aziz, F. and Saeed, Y. and Zeb, A. and {Ali Shah}, S.A. and Al-Khasawneh, M.A. and Mahmoud, M.},
	title = {Prediction of Future Terrorist Activities Using Deep Neural Networks},
	year = {2020},
	journal = {Complexity},
	volume = {2020},
	doi = {10.1155/2020/1373087},
	publisher = {Hindawi Limited}
}
@misc{Cooper_2022_intro,
    title={The impact of {AI} \& How it is used in social media},
    url={https://statusbrew.com/insights/social-media-ai/#how-does-ai-work-in-social-media},
    journal={Statusbrew},
    publisher={Statusbrew Blog},
    author={Cooper, M.},
    year={2022},
    month={07},
    day={19},
    urldate = {2022-12-12},
}
@misc{raghavan_2020_intro,
    title={How {AI} is powering a more helpful {Google}},
    url={https://blog.google/products/search/search-on/},
    publisher={Google},
    author={Raghavan, P.},
    year={2020},
    month={10},
    urldate = {2022-12-12},
}
@misc{netflix_intro,
    title={Machine Learning},
    url={https://research.netflix.com/research-area/machine-learning},
    journal={Research Areas},
    publisher={Netflix},
    author={{Netflix Research}},
    urldate = {2022-12-12}
}
@online{airbus_intro,
    author = {Airbus},
    title = {Artificial intelligence},
    subtitle = {Capitalising on the value of data},
    url = {https://www.airbus.com/en/innovation/industry-4-0/artificial-intelligence},
    urldate = {2022-12-12}
}
@online{bmw_intro,
    author = {BMW},
    title = {The path to autonomous driving},
    year = {2020},
    month = {10},
    day = {21},
    url = {https://www.bmw.com/en/automotive-life/autonomous-driving.html},
    urldate = {2022-12-12}
}
@article{Myers_2022_intro,
    author = {Myers, A.},
    title = {How {AI} Is Making Autonomous Vehicles Safer},
    year = {2022},
    month = {03},
    day = {07},
    url = {https://hai.stanford.edu/news/how-ai-making-autonomous-vehicles-safer},
    journal = {Stanford University Human-Centered Artificial Intelligence -- News}
}
@online{drones_intro,
    author = {{AI for Good}},
    title = {Autonomous drones saving lives and powering disaster preparedness},
    url = {https://aiforgood.itu.int/autonomous-drones-saving-lives-and-powering-disaster-preparedness/},
    publisher = {AI for Good blog},
    urldate = {2022-12-12}
}
@online{pwc_value_intro,
    author = {PwC},
    title = {Sizing the prize},
    year = {2017},
    subtitle = {What’s the real value of {AI} for your business and how can you capitalise?},
    url = {https://www.pwc.com/gx/en/issues/data-and-analytics/publications/artificial-intelligence-study.html},
    urldate = {2022-12-12},
}
@online{mckinsey_value_intro,
    author = {Chui, M. and Manyika, J. and Miremadi, M. and Henke, N. and Chung, R. and Nel, P. and Malhotra, S.},
    title = {Notes from the {AI} frontier: Applications and value of deep learning},
    date = {2018-04-17},
    url = {https://www.mckinsey.com/featured-insights/artificial-intelligence/notes-from-the-ai-frontier-applications-and-value-of-deep-learning},
    urldate = {2022-12-12},
    publisher = {McKinsey Global Institute},
}
@online{IBM_value_intro,
    author = {Marshall, A. and Goehring, B.},
    title = {The business value of {AI}},
    subtitle = {Peak performance during the pandemic},
    date = {2020-11-20},
    url = {https://www.ibm.com/thought-leadership/institute-business-value/report/ai-value-pandemic},
    urldate = {2022-12-12},
    publisher = {IBM Institute for Business Value},
}
@article{Lardi_2021_intro,
    author = {Lardi, K.},
    title = {Understanding The Value Of Artificial Intelligence Solutions In Your Business},
    date = {2021-01-26},
    journal = {Forbes},
    url = {https://www.forbes.com/sites/forbesbusinesscouncil/2021/01/26/understanding-the-value-of-artificial-intelligence-solutions-in-your-business/?sh=75c7364657f6},
    urldate = {2022-12-12},
}
@online{Ransbotham_2022_intro,
    author = {Ransbotham, S. and Kiron, D. and Candelon, F. and Khodabandeh, S. and Chu, M. and LaFountain, B.},
    title = {{AI} Empowers Employees, Not Just Companies},
    date = {2022-11-01},
    url = {https://www.bcg.com/publications/2022/the-value-of-ai-for-individuals},
    urldate = {2022-12-12},
}
@article{Agrawal_2021_intro,
    author = {Agrawal, M.},
    title = {The Possibilities Of {AI} In 2030: Transformation Across Dimensions},
    date = {2021-08-23},
    journal = {Forbes},
    url = {https://www.forbes.com/sites/forbesbusinesscouncil/2021/08/23/the-possibilities-of-ai-in-2030-transformation-across-dimensions/?sh=5c0cff26b67a},
    urldate = {2022-12-12},
}
@ARTICLE{Sarker_2021_intro,
	author = {Sarker, I.H.},
	title = {Machine Learning: Algorithms, Real-World Applications and Research Directions},
	year = {2021},
	journal = {SN Computer Science},
	volume = {2},
	number = {3},
	doi = {10.1007/s42979-021-00592-x},
	publisher = {Springer}
}
@ARTICLE{Basile_2019_intro,
	author = {Basile, A.O. and Yahi, A. and Tatonetti, N.P.},
	title = {Artificial Intelligence for Drug Toxicity and Safety},
	year = {2019},
	journal = {Trends in Pharmacological Sciences},
	volume = {40},
	number = {9},
	pages = {624 – 635},
	doi = {10.1016/j.tips.2019.07.005},
	publisher = {Elsevier Ltd}
}
@ARTICLE{Kermany_2018_intro,
	author = {Kermany, D.S. and Goldbaum, M. and Cai, W. and Valentim, C.C.S. and Liang, H. and Baxter, S.L. and McKeown, A. and Yang, G. and Wu, X. and Yan, F. and Dong, J. and Prasadha, M.K. and Pei, J. and Ting, M. and Zhu, J. and Li, C. and Hewett, S. and Dong, J. and Ziyar, I. and Shi, A. and Zhang, R. and Zheng, L. and Hou, R. and Shi, W. and Fu, X. and Duan, Y. and Huu, V.A.N. and Wen, C. and Zhang, E.D. and Zhang, C.L. and Li, O. and Wang, X. and Singer, M.A. and Sun, X. and Xu, J. and Tafreshi, A. and Lewis, M.A. and Xia, H. and Zhang, K.},
	title = {Identifying Medical Diagnoses and Treatable Diseases by Image-Based Deep Learning},
	year = {2018},
	journal = {Cell},
	volume = {172},
	number = {5},
	pages = {1122 – 1131.e9},
	doi = {10.1016/j.cell.2018.02.010},
	publisher = {Cell Press}
}
@ARTICLE{Hosny_2018_intro,
	author = {Hosny, A. and Parmar, C. and Quackenbush, J. and Schwartz, L.H. and Aerts, H.J.W.L.},
	title = {Artificial intelligence in radiology},
	year = {2018},
	journal = {Nature Reviews Cancer},
	volume = {18},
	number = {8},
	pages = {500 – 510},
	doi = {10.1038/s41568-018-0016-5},
	publisher = {Nature Publishing Group}
}
@ARTICLE{Vaishya_2020_intro,
	author = {Vaishya, R. and Javaid, M. and Khan, I.H. and Haleem, A.},
	title = {Artificial Intelligence ({AI}) applications for {COVID}-19 pandemic},
	year = {2020},
	journal = {Diabetes and Metabolic Syndrome: Clinical Research and Reviews},
	volume = {14},
	number = {4},
	pages = {337 – 339},
	doi = {10.1016/j.dsx.2020.04.012},
	publisher = {Elsevier Ltd}
}
@ARTICLE{Jiang_2017_intro,
	author = {Jiang, F. and Jiang, Y. and Zhi, H. and Dong, Y. and Li, H. and Ma, S. and Wang, Y. and Dong, Q. and Shen, H. and Wang, Y.},
	title = {Artificial intelligence in healthcare: Past, present and future},
	year = {2017},
	journal = {Stroke and Vascular Neurology},
	volume = {2},
	number = {4},
	pages = {230 – 243},
	doi = {10.1136/svn-2017-000101},
	publisher = {BMJ Publishing Group}
}
@article{COMPAS_2016_intro,
    author = {Angwin, J. and Larson, J. and Mattu, S. and Kirchner, L.},
    title = {Machine Bias},
    subtitle = {There’s software used across the country to predict future criminals. {And} it’s biased against blacks.},
    date = {2016-05-23},
    journal = {ProPublica},
    url = {https://www.propublica.org/article/machine-bias-risk-assessments-in-criminal-sentencing},
    urldate = {2022-12-12},
}
@article{Amazon_case_intro,
    author = {Dastin, J.},
    title = {Amazon scraps secret {AI} recruiting tool that showed bias against women},
    date = {2018-10-11},
    journal = {Reuters},
    url = {https://www.reuters.com/article/us-amazon-com-jobs-automation-insight-idUSKCN1MK08G},
    urldate = {2022-12-12},
}
@article{Google_case_intro,
    author = {Barr, A.},
    title = {Google Mistakenly Tags Black People as ‘Gorillas,’ Showing Limits of Algorithms},
    date = {2015-07-01},
    journal = {The Wall Street Journal},
    url = {https://www.wsj.com/articles/BL-DGB-42522},
    urldate = {2022-12-12},
}

% Beginning of AI ethics
@article{Wiener_1960,
    author = {Wiener, N.},
    title = {Some Moral and Technical Consequences of Automation},
    journal = {Science},
    volume = {131},
    number = {3410},
    pages = {1355-1358},
    year = {1960},
    doi = {10.1126/science.131.3410.1355},
    URL = {https://www.science.org/doi/abs/10.1126/science.131.3410.1355},
}
@article{Samuel_1960,
    author = {Samuel, A.L.},
    title = {Some Moral and Technical Consequences of Automation},
    subtitle = {A Refutation},
    journal = {Science},
    volume = {132},
    number = {3429},
    pages = {741-742},
    year = {1960},
    doi = {10.1126/science.132.3429.741},
    URL = {https://www.science.org/doi/abs/10.1126/science.132.3429.741},
}
