%%% SNOWBALLING %%%
@ARTICLE{Greenhalgh_2005,
	author = {Greenhalgh, T. and Peacock, R.},
	title = {Effectiveness and efficiency of search methods in systematic reviews of complex evidence: Audit of primary sources},
	year = {2005},
	journal = {British Medical Journal},
	volume = {331},
	number = {7524},
	pages = {1064 â€“ 1065},
	doi = {10.1136/bmj.38636.593461.68},
	note = {All Open Access, Bronze Open Access, Green Open Access}
}
@CONFERENCE{Wohlin_2014,
	author = {Wohlin, C.},
	title = {Guidelines for snowballing in systematic literature studies and a replication in software engineering},
	year = {2014},
	journal = {ACM International Conference Proceeding Series},
	doi = {10.1145/2601248.2601268},
	publisher = {Association for Computing Machinery},
	note = {All Open Access, Green Open Access}
}