%%% Appendices
@book{Beauchamp_2001,
  title={Principles of Biomedical Ethics},
  author={Beauchamp, T.L. and Childress, J.F.},
  isbn={9780195143317},
  lccn={00062394},
  year={2001},
  publisher={Oxford University Press}
}
