%%% Descriptive results %%%
% Field maturity
@Article{Keathley-Herring_2016,
    author={Keathley-Herring, H. and {Van Aken}, E. and Gonzalez-Aleu, F. and Deschamps, F. and Letens, G. and Orlandini, P.C.},
    title={Assessing the maturity of a research area: bibliometric review and proposed framework},
    journal={Scientometrics},
    year={2016},
    month={11},
    day={01},
    volume={109},
    number={2},
    pages={927-951},
    issn={1588-2861},
    doi={10.1007/s11192-016-2096-x},
}

% AlgorithmWatch
@misc{AlgorithmWatch,
    title={AI Ethics Guidelines Global Inventory},
    url={https://inventory.algorithmwatch.org/},
    journal={AI Ethics Guidelines Global Inventory},
    author={AlgorithmWatch},
    urldate = {2022-12-08},
}
@misc{AlgorithmWatch_about,
    title={About - AI Ethics Guidelines Global Inventory},
    url={https://inventory.algorithmwatch.org/about},
    journal={AI Ethics Guidelines Global Inventory},
    author={AlgorithmWatch},
    urldate = {2022-12-08},
    year = {2020},
    month = {04},
}


% Medical examples
@ARTICLE{Singh_2023,
    author = {Singh, P. and Sharma, A.},
    title = {Using AI-Based Approaches in Health Care for Predicting Health Issues in Pregnant Women},
    year = {2023},
    journal = {Lecture Notes in Networks and Systems},
    volume = {479},
    pages = {283 – 295},
    doi = {10.1007/978-981-19-3148-2_24},
    editor = {Khanna A. and Gupta D. and Kansal V. and Fortino G. and Hassanien A.E.},
    publisher = {Springer Science and Business Media Deutschland GmbH}
}
@ARTICLE{Kumar_2023,
	author = {Kumar, P. and Kumar, R. and Gupta, G.P. and Tripathi, R. and Jolfaei, A. and {Najmul Islam}, A.K.M.},
	title = {A blockchain-orchestrated deep learning approach for secure data transmission in IoT-enabled healthcare system},
	year = {2023},
	journal = {Journal of Parallel and Distributed Computing},
	volume = {172},
	pages = {69 – 83},
	doi = {10.1016/j.jpdc.2022.10.002},
	publisher = {Academic Press Inc.}
}
@CONFERENCE{Azaria_2016,
	author = {Azaria, A. and Ekblaw, A. and Vieira, T. and Lippman, A.},
	title = {MedRec: Using blockchain for medical data access and permission management},
	year = {2016},
	journal = {Proceedings - 2016 2nd International Conference on Open and Big Data, OBD 2016},
	pages = {25 – 30},
	doi = {10.1109/OBD.2016.11},
	editor = {Younas M. and Awan I.},
	publisher = {Institute of Electrical and Electronics Engineers Inc.}
}
@ARTICLE{Martinez_2008,
	author = {Martinez, A.W. and Phillips, S.T. and Carrilho, E. and {Thomas III}, S.W. and Sindi, H. and Whitesides, G.M.},
	title = {Simple telemedicine for developing regions: Camera phones and paper-based microfluidic devices for real-time, off-site diagnosis},
	year = {2008},
	journal = {Analytical Chemistry},
	volume = {80},
	number = {10},
	pages = {3699 – 3707},
	doi = {10.1021/ac800112r},
}
@ARTICLE{Son_2014,
	author = {Son, D. and Lee, J. and Qiao, S. and Ghaffari, R. and Kim, J. and Lee, J.E. and Song, C. and Kim, S.J. and Lee, D.J. and Jun, S.W. and Yang, S. and Park, M. and Shin, J. and Do, K. and Lee, M. and Kang, K. and Hwang, C.S. and Lu, N. and Hyeon, T. and Kim, D.H.},
	title = {Multifunctional wearable devices for diagnosis and therapy of movement disorders},
	year = {2014},
	journal = {Nature Nanotechnology},
	volume = {9},
	number = {5},
	pages = {397 – 404},
	doi = {10.1038/nnano.2014.38},
	publisher = {Nature Publishing Group}
}
@ARTICLE{Rajkomar_2018,
	author = {Rajkomar, A. and Oren, E. and Chen, K. and Dai, A.M. and Hajaj, N. and Hardt, M. and Liu, P.J. and Liu, X. and Marcus, J. and Sun, M. and Sundberg, P. and Yee, H. and Zhang, K. and Zhang, Y. and Flores, G. and Duggan, G.E. and Irvine, J. and Le, Q. and Litsch, K. and Mossin, A. and Tansuwan, J. and Wang, D. and Wexler, J. and Wilson, J. and Ludwig, D. and Volchenboum, S.L. and Chou, K. and Pearson, M. and Madabushi, S. and Shah, N.H. and Butte, A.J. and Howell, M.D. and Cui, C. and Corrado, G.S. and Dean, J.},
	title = {Scalable and accurate deep learning with electronic health records},
	year = {2018},
	journal = {npj Digital Medicine},
	volume = {1},
	number = {1},
	doi = {10.1038/s41746-018-0029-1},
	publisher = {Nature Publishing Group}
}
@article{Downey_2019,
    author = {Downey, A.},
    year = {2019},
    month = {12},
    day = {12},
    title = {NHS bosses meet with tech giants to discuss commercial patient database},
    url = {https://www.digitalhealth.net/2019/12/nhs-bosses-meet-with-tech-giants-to-discuss-commercial-patient-database/},
    urldate = {2022-12-08},
}
% Hippocratic Oath
@ARTICLE{Wiesing_2020,
	author = {Wiesing, U.},
	title = {The Hippocratic Oath and the Declaration of Geneva: legitimisation attempts of professional conduct},
	year = {2020},
	journal = {Medicine, Health Care and Philosophy},
	volume = {23},
	number = {1},
	pages = {81 – 86},
	doi = {10.1007/s11019-019-09910-w},
	publisher = {Springer}
}
% Ethics of care-arguments
@article{DaltonBrown_2020,
    title={The Ethics of Medical AI and the Physician-Patient Relationship},
    volume={29},
    DOI={10.1017/S0963180119000847},
    number={1},
    journal={Cambridge Quarterly of Healthcare Ethics},
    publisher={Cambridge University Press},
    author={Dalton-Brown, S.},
    year={2020},
    pages={115–121},
}

% Kanalregisteret
@online{kanalregisteret,
    title={About the Register for Scientific Journals, Series and Publishers},
    author = {{Norwegian Register}},
    url={https://kanalregister.hkdir.no/publiseringskanaler/Om},
    journal={About | Norwegian Register},
    publisher={Norwegian Directorate for Higher Education and Skills},
    urldate = {2022-12-09},
} 

% Unused papers
@Article{ElHaddadeh_2021,
    author={El-Haddadeh, R. and Fadlalla, A. and Hindi, N.M.},
    title={Is There a Place for Responsible Artificial Intelligence in Pandemics? A Tale of Two Countries},
    journal={Information Systems Frontiers},
    year={2021},
    month={05},
    day={06},
    issn={1572-9419},
    doi={10.1007/s10796-021-10140-w},
}
@ARTICLE{Trocin_2021,
    author = {Trocin, C. and Mikalef, P. and Papamitsiou, Z. and Conboy, K.},
    title = {Responsible AI for Digital Health: a Synthesis and a Research Agenda},
    year = {2021},
    journal = {Information Systems Frontiers},
    doi = {10.1007/s10796-021-10146-4},
    publisher = {Springer}
}

% Medicine core principles
@ARTICLE{Gillon_2003,
	author = {Gillon, R.},
	title = {Ethics needs principles - Four can encompass the rest - And respect for autonomy should be "first among equals"},
	year = {2003},
	journal = {Journal of Medical Ethics},
	volume = {29},
	number = {5},
	pages = {307 – 312},
	doi = {10.1136/jme.29.5.307},
}
@ARTICLE{Gillon_1994,
	author = {Gillon, R.},
	title = {Medical ethics: Four principles plus attention to scope},
	year = {1994},
	journal = {BMJ},
	volume = {309},
	number = {6948},
	pages = {184},
	doi = {10.1136/bmj.309.6948.184},
}

% DICTIONARY ENTRIES
@reference{dictionary_autonomy,
    title={Autonomy},
    publisher={{Merriam-Webster}},
    url={https://www.merriam-webster.com/dictionary/autonomy},
    urldate={2022-12-10}
}
@reference{dictionary_beneficence,
    title={Beneficence},
    publisher={{Merriam-Webster}},
    url={https://www.merriam-webster.com/dictionary/beneficence},
    urldate={2022-12-10}
}
@reference{dictionary_maleficence,
    title={Maleficence},
    publisher={{Merriam-Webster}},
    url={https://www.merriam-webster.com/dictionary/maleficence},
    urldate={2022-12-10}
}