% Result of literature review
@ARTICLE{BarredoArrieta_2020,
	author = {Barredo Arrieta, Alejandro and Díaz-Rodríguez, Natalia and Del Ser, Javier and Bennetot, Adrien and Tabik, Siham and Barbado, Alberto and Garcia, Salvador and Gil-Lopez, Sergio and Molina, Daniel and Benjamins, Richard and Chatila, Raja and Herrera, Francisco},
	title = {Explainable Artificial Intelligence (XAI): Concepts, taxonomies, opportunities and challenges toward responsible AI},
	year = {2020},
	journal = {Information Fusion},
	volume = {58},
	pages = {82 – 115},
	doi = {10.1016/j.inffus.2019.12.012},
	publisher = {Elsevier B.V.},
	note = {All Open Access, Green Open Access}
}
@article{Brand_2022,
    title={Responsible Artificial Intelligence in Government: Development of a Legal Framework for South Africa},
    volume={14},
    url={https://www.jedem.org/index.php/jedem/article/view/678},
    DOI={10.29379/jedem.v14i1.678},
    number={1},
    journal={JeDEM - eJournal of eDemocracy and Open Government},
    author={Brand, D.},
    year={2022},
    month={7},
    pages={130–150}
}
@ARTICLE{Dignum_2021,
	author = {Dignum, V.},
	title = {The role and challenges of education for responsible AI},
	year = {2021},
	journal = {London Review of Education},
	volume = {19},
	number = {1},
	pages = {1 – 11},
	doi = {10.14324/LRE.19.1.01},
	publisher = {UCL IOE Press},
}
@ARTICLE{Doorn_2021,
	author = {Doorn, N.},
	title = {Artificial intelligence in the water domain: Opportunities for responsible use},
	year = {2021},
	journal = {Science of the Total Environment},
	volume = {755},
	doi = {10.1016/j.scitotenv.2020.142561},
	publisher = {Elsevier B.V.}
}
@INPROCEEDINGS{Havrda_2020,
    author={Havrda, M. and Rakova, B.},
    booktitle={2020 IEEE International Conference on Systems, Man, and Cybernetics (SMC)},
    title={Enhanced well-being assessment as basis for the practical implementation of ethical and rights-based normative principles for AI},
    year={2020},
    pages={2754-2761},
    doi={10.1109/SMC42975.2020.9283137}
}
@ARTICLE{Liu_2021,
	author = {Liu, R. and Gupta, S. and Patel, P.},
	title = {The Application of the Principles of Responsible AI on Social Media Marketing for Digital Health},
	year = {2021},
	journal = {Information Systems Frontiers},
	doi = {10.1007/s10796-021-10191-z},
	publisher = {Springer},
}
@article{Lukkien_2021,
    author = {Lukkien, D.R.M. and Nap, H.H. and Buimer, H.P. and Peine, A. and Boon, W.P.C. and Ket, J.C.F. and Minkman, M.M.N. and Moors, E.H.M.},
    title = {Toward Responsible Artificial Intelligence in Long-Term Care: A Scoping Review on Practical Approaches},
    journal = {The Gerontologist},
    year = {2021},
    month = {12},
    issn = {0016-9013},
    doi = {10.1093/geront/gnab180},
    eprint = {https://academic.oup.com/gerontologist/advance-article-pdf/doi/10.1093/geront/gnab180/42216937/gnab180.pdf},
}
@ARTICLE{Mikalef_2022,
	author = {Mikalef, P. and Conboy, K. and Lundström, J.E. and Popovič, A.},
	title = {Thinking responsibly about responsible AI and ‘the dark side’ of AI},
	year = {2022},
	journal = {European Journal of Information Systems},
	volume = {31},
	number = {3},
	pages = {257 – 268},
	doi = {10.1080/0960085X.2022.2026621},
	publisher = {Taylor and Francis Ltd.},
}
@ARTICLE{Siala_2022,
	author = {Siala, H. and Wang, Y.},
	title = {SHIFTing artificial intelligence to be responsible in healthcare: A systematic review},
	year = {2022},
	journal = {Social Science and Medicine},
	volume = {296},
	doi = {10.1016/j.socscimed.2022.114782},
	publisher = {Elsevier Ltd},
}
@ARTICLE{vanBruxvoort_2021,
	author = {{van Bruxvoort}, X. and van Keulen, M.},
	title = {Framework for assessing ethical aspects of algorithms and their encompassing socio-technical system},
	year = {2021},
	journal = {Applied Sciences (Switzerland)},
	volume = {11},
	number = {23},
	doi = {10.3390/app112311187},
	publisher = {MDPI}
}
@ARTICLE{Vetro_2019,
	author = {Vetrò, A. and Santangelo, A. and Beretta, E. and De Martin, J.C.},
	title = {AI: from rational agents to socially responsible agents},
	year = {2019},
	journal = {Digital Policy, Regulation and Governance },
	volume = {21},
	number = {3},
	pages = {291 – 304},
	doi = {10.1108/DPRG-08-2018-0049},
	publisher = {Emerald Group Holdings Ltd.}
}
@ARTICLE{Wang_2021,
	author = {Wang, W. and Chen, L. and Xiong, M. and Wang, Y.},
	title = {Accelerating AI Adoption with Responsible AI Signals and Employee Engagement Mechanisms in Health Care},
	year = {2021},
	journal = {Information Systems Frontiers},
	doi = {10.1007/s10796-021-10154-4},
	publisher = {Springer}
}